@article{FrankSchmuck,
author = {{Frank Schmuck}, Roger Haskin},
file = {:Users/Armin/Library/Application Support/Mendeley Desktop/Downloaded/Unknown{\_}GPFS A Shared-Disk File System for Large Computing Clusters{\_}Frank Schmuck.pdf:pdf},
title = {{GPFS: A Shared-Disk File System for Large Computing Clusters}},
url = {http://citeseer.ist.psu.edu/viewdoc/summary?doi=10.1.1.19.7147}
}
@inproceedings{Jha2014,
author = {Jha, Shantenu and Qiu, Judy and Luckow, Andre and Mantha, Pradeep and Fox, Geoffrey C.},
booktitle = {2014 IEEE International Congress on Big Data},
doi = {10.1109/BigData.Congress.2014.137},
file = {:Users/Armin/Documents/My Papers/Big Data Book/2014{\_}A Tale of Two Data-Intensive Paradigms Applications, Abstractions, and Architectures{\_}Jha et al.pdf:pdf},
isbn = {978-1-4799-5057-7},
keywords = {Apache-Hadoop paradigm,Big Data,Big Data Ogres,Big data,Computer architecture,Ecosystems,K-means clustering,Processor scheduling,Runtime,Sparks,Yarn,architectural similarity,data-intensive paradigms,high-performance computing,open source implementation,parallel processing,pattern clustering,public domain software},
language = {English},
month = {jun},
pages = {645--652},
publisher = {IEEE},
title = {{A Tale of Two Data-Intensive Paradigms: Applications, Abstractions, and Architectures}},
url = {http://ieeexplore.ieee.org/articleDetails.jsp?arnumber=6906840},
year = {2014}
}
@article{Qiu2014,
author = {Qiu, Judy},
file = {:Users/Armin/Documents/My Papers/Big Data Book/nistHPC-ABDS.pdf:pdf},
number = {1},
pages = {1--22},
title = {{Towards HPC-ABDS : An Initial High-Performance Big Data Stack}},
volume = {1},
year = {2014}
}
@article{Reed2015,
author = {Reed, Daniel a. and Dongarra, Jack},
doi = {10.1145/2699414},
file = {:Users/Armin/Documents/My Papers/Big Data Book/2015{\_}Exascale computing and big data{\_}Reed, Dongarra.pdf:pdf},
issn = {00010782},
journal = {Communications of the ACM},
number = {7},
pages = {56--68},
title = {{Exascale computing and big data}},
url = {http://dl.acm.org/ft{\_}gateway.cfm?id=2699414{\&}type=html},
volume = {58},
year = {2015}
}
@misc{,
title = {{NIST Big Data Working Group (NBD-WG)}},
url = {http://bigdatawg.nist.gov/usecases.php},
urldate = {2015-12-31}
}

@misc{braam2004lustre,
	title={The Lustre storage architecture},
	author={Braam, Peter J and others},
	year={2004}
}
@article{shaun2007storage,
	title={The Storage Resource Manager Interface Specification},
	author={Shaun De Witt, RAL},
	year={2007}
}

@article{rajasekar2010irods,
	title={iRODS Primer: integrated rule-oriented data system},
	author={Rajasekar, Arcot and Moore, Reagan and Hou, Chien-yi and Lee, Christopher A and Marciano, Richard and de Torcy, Antoine and Wan, Michael and Schroeder, Wayne and Chen, Sheau-Yen and Gilbert, Lucas and others},
	journal={Synthesis Lectures on Information Concepts, Retrieval, and Services},
	volume={2},
	number={1},
	pages={1--143},
	year={2010},
	publisher={Morgan \& Claypool Publishers}
}
@article{grimshaw2013gffs,
	title={GFFS—the XSEDE Global Federated File System},
	author={Grimshaw, Andrew and Morgan, Mark and Kalyanaraman, Avinash},
	journal={Parallel Processing Letters},
	volume={23},
	number={02},
	pages={1340005},
	year={2013},
	publisher={World Scientific}
}
@inproceedings{yoo2003slurm,
	title={Slurm: Simple linux utility for resource management},
	author={Yoo, Andy B and Jette, Morris A and Grondona, Mark},
	booktitle={Job Scheduling Strategies for Parallel Processing},
	pages={44--60},
	year={2003},
	organization={Springer}
}
@inproceedings{staples2006torque,
	title={TORQUE resource manager},
	author={Staples, Garrick},
	booktitle={Proceedings of the 2006 ACM/IEEE conference on Supercomputing},
	pages={8},
	year={2006},
	organization={ACM}
}
@inproceedings{gentzsch2001sun,
	title={Sun grid engine: Towards creating a compute power grid},
	author={Gentzsch, Wolfgang},
	booktitle={Cluster Computing and the Grid, 2001. Proceedings. First IEEE/ACM International Symposium on},
	pages={35--36},
	year={2001},
	organization={IEEE}
}
@article{plimpton2011mapreduce,
	title={MapReduce in MPI for large-scale graph algorithms},
	author={Plimpton, Steven J and Devine, Karen D},
	journal={Parallel Computing},
	volume={37},
	number={9},
	pages={610--632},
	year={2011},
	publisher={Elsevier}
}
@inproceedings{mantha2012pilot,
	title={Pilot-MapReduce: an extensible and flexible MapReduce implementation for distributed data},
	author={Mantha, Pradeep Kumar and Luckow, Andre and Jha, Shantenu},
	booktitle={Proceedings of third international workshop on MapReduce and its Applications Date},
	pages={17--24},
	year={2012},
	organization={ACM}
}
@inproceedings{ekanayake2010twister,
	title={Twister: a runtime for iterative mapreduce},
	author={Ekanayake, Jaliya and Li, Hui and Zhang, Bingjing and Gunarathne, Thilina and Bae, Seung-Hee and Qiu, Judy and Fox, Geoffrey},
	booktitle={Proceedings of the 19th ACM International Symposium on High Performance Distributed Computing},
	pages={810--818},
	year={2010},
	organization={ACM}
}
@inproceedings{luckow2012p,
	title={P∗: a model of pilot-abstractions},
	author={Luckow, Andre and Santcroos, Mark and Merzky, Andre and Weidner, Ole and Mantha, Pradeep and Jha, Somesh},
	booktitle={E-Science (e-Science), 2012 IEEE 8th International Conference on},
	pages={1--10},
	year={2012},
	organization={IEEE}
}
@inproceedings{raicu2008many,
	title={Many-task computing for grids and supercomputers},
	author={Raicu, Ioan and Foster, Ian T and Zhao, Yong},
	booktitle={Many-Task Computing on Grids and Supercomputers, 2008. MTAGS 2008. Workshop on},
	pages={1--11},
	year={2008},
	organization={IEEE}
}
@article{deelman2009workflows,
	title={Workflows and e-Science: An overview of workflow system features and capabilities},
	author={Deelman, Ewa and Gannon, Dennis and Shields, Matthew and Taylor, Ian},
	journal={Future Generation Computer Systems},
	volume={25},
	number={5},
	pages={528--540},
	year={2009},
	publisher={Elsevier}
}
@inproceedings{shvachko2010hadoop,
	title={The hadoop distributed file system},
	author={Shvachko, Konstantin and Kuang, Hairong and Radia, Sanjay and Chansler, Robert},
	booktitle={Mass Storage Systems and Technologies (MSST), 2010 IEEE 26th Symposium on},
	pages={1--10},
	year={2010},
	organization={IEEE}
}
@inproceedings{ghemawat2003google,
	title={The Google file system},
	author={Ghemawat, Sanjay and Gobioff, Howard and Leung, Shun-Tak},
	booktitle={ACM SIGOPS operating systems review},
	volume={37},
	number={5},
	pages={29--43},
	year={2003},
	organization={ACM}
}
@inproceedings{vavilapalli2013apache,
	title={Apache hadoop yarn: Yet another resource negotiator},
	author={Vavilapalli, Vinod Kumar and Murthy, Arun C and Douglas, Chris and Agarwal, Sharad and Konar, Mahadev and Evans, Robert and Graves, Thomas and Lowe, Jason and Shah, Hitesh and Seth, Siddharth and others},
	booktitle={Proceedings of the 4th annual Symposium on Cloud Computing},
	pages={5},
	year={2013},
	organization={ACM}
}
@inproceedings{borthakur2011apache,
	title={Apache Hadoop goes realtime at Facebook},
	author={Borthakur, Dhruba and Gray, Jonathan and Sarma, Joydeep Sen and Muthukkaruppan, Kannan and Spiegelberg, Nicolas and Kuang, Hairong and Ranganathan, Karthik and Molkov, Dmytro and Menon, Aravind and Rash, Samuel and others},
	booktitle={Proceedings of the 2011 ACM SIGMOD International Conference on Management of data},
	pages={1071--1080},
	year={2011},
	organization={ACM}
}
@inproceedings{zaharia2012resilient,
	title={Resilient distributed datasets: A fault-tolerant abstraction for in-memory cluster computing},
	author={Zaharia, Matei and Chowdhury, Mosharaf and Das, Tathagata and Dave, Ankur and Ma, Justin and McCauley, Murphy and Franklin, Michael J and Shenker, Scott and Stoica, Ion},
	booktitle={Proceedings of the 9th USENIX conference on Networked Systems Design and Implementation},
	pages={2--2},
	year={2012},
	organization={USENIX Association}
}
@article{qiu2014towards,
	title={Towards HPC-ABDS: An Initial High-Performance Big Data Stack},
	author={Qiu, Judy and Jha, Shantenu and Luckow, Andre and Fox, Geoffrey C},
	journal={Building Robust Big Data Ecosystem ISO/IEC JTC 1 Study Group on Big Data},
	pages={18--21},
	year={2014}
}
@inproceedings{fox2014towards,
	title={Towards an understanding of facets and exemplars of big data applications},
	author={Fox, Geoffrey C and Jha, Shantenu and Qiu, Judy and Luckow, Andre},
	booktitle={In proceedings of Workshop: Twenty Years of Beowulf},
	year={2014}
}
@misc{domo,
	title = {{Data Never Sleeps}},
	url = {https://www.domo.com/blog/2015/08/data-never-sleeps-3-0/},
	urldate = {2015-08-13}
}
@article{hinton2006fast,
	title={A fast learning algorithm for deep belief nets},
	author={Hinton, Geoffrey E and Osindero, Simon and Teh, Yee-Whye},
	journal={Neural computation},
	volume={18},
	number={7},
	pages={1527--1554},
	year={2006},
	publisher={MIT Press}
}
@inproceedings{chilimbi2014project,
	title={Project adam: Building an efficient and scalable deep learning training system},
	author={Chilimbi, Trishul and Suzue, Yutaka and Apacible, Johnson and Kalyanaraman, Karthik},
	booktitle={11th USENIX Symposium on Operating Systems Design and Implementation (OSDI 14)},
	pages={571--582},
	year={2014}
}
@inproceedings{chen2014dadiannao,
	title={Dadiannao: A machine-learning supercomputer},
	author={Chen, Yunji and Luo, Tao and Liu, Shaoli and Zhang, Shijin and He, Liqiang and Wang, Jia and Li, Ling and Chen, Tianshi and Xu, Zhiwei and Sun, Ninghui and others},
	booktitle={Microarchitecture (MICRO), 2014 47th Annual IEEE/ACM International Symposium on},
	pages={609--622},
	year={2014},
	organization={IEEE}
}
@inproceedings{le2013building,
	title={Building high-level features using large scale unsupervised learning},
	author={Le, Quoc V},
	booktitle={Acoustics, Speech and Signal Processing (ICASSP), 2013 IEEE International Conference on},
	pages={8595--8598},
	year={2013},
	organization={IEEE}
}
@inproceedings{deng2009imagenet,
	title={Imagenet: A large-scale hierarchical image database},
	author={Deng, Jia and Dong, Wei and Socher, Richard and Li, Li-Jia and Li, Kai and Fei-Fei, Li},
	booktitle={Computer Vision and Pattern Recognition, 2009. CVPR 2009. IEEE Conference on},
	pages={248--255},
	year={2009},
	organization={IEEE}
}
@inproceedings{dean2012large,
	title={Large scale distributed deep networks},
	author={Dean, Jeffrey and Corrado, Greg and Monga, Rajat and Chen, Kai and Devin, Matthieu and Mao, Mark and Senior, Andrew and Tucker, Paul and Yang, Ke and Le, Quoc V and others},
	booktitle={Advances in Neural Information Processing Systems},
	pages={1223--1231},
	year={2012}
}
@inproceedings{dean2012large,
	title={Large scale distributed deep networks},
	author={Dean, Jeffrey and Corrado, Greg and Monga, Rajat and Chen, Kai and Devin, Matthieu and Mao, Mark and Senior, Andrew and Tucker, Paul and Yang, Ke and Le, Quoc V and others},
	booktitle={Advances in Neural Information Processing Systems},
	pages={1223--1231},
	year={2012}
}
@inproceedings{farber1997parallel,
	title={Parallel neural network training on Multi-Spert},
	author={Farber, Philipp and Asanovic, Krste},
	booktitle={Algorithms and Architectures for Parallel Processing, 1997. ICAPP 97., 1997 3rd International Conference on},
	pages={659--666},
	year={1997},
	organization={IEEE}
}
@inproceedings{simard2003best,
	title={Best practices for convolutional neural networks applied to visual document analysis},
	author={Simard, Patrice Y and Steinkraus, Dave and Platt, John C},
	booktitle={null},
	pages={958},
	year={2003},
	organization={IEEE}
}
@article{goodfellow2013maxout,
	title={Maxout networks},
	author={Goodfellow, Ian J and Warde-Farley, David and Mirza, Mehdi and Courville, Aaron and Bengio, Yoshua},
	journal={arXiv preprint arXiv:1302.4389},
	year={2013}
}
@inproceedings{temam2012defect,
	title={A defect-tolerant accelerator for emerging high-performance applications},
	author={Temam, Olivier},
	booktitle={ACM SIGARCH Computer Architecture News},
	volume={40},
	number={3},
	pages={356--367},
	year={2012},
	organization={IEEE Computer Society}
}
@inproceedings{chen2014diannao,
	title={Diannao: A small-footprint high-throughput accelerator for ubiquitous machine-learning},
	author={Chen, Tianshi and Du, Zidong and Sun, Ninghui and Wang, Jia and Wu, Chengyong and Chen, Yunji and Temam, Olivier},
	booktitle={ACM SIGPLAN Notices},
	volume={49},
	number={4},
	pages={269--284},
	year={2014},
	organization={ACM}
}
@inproceedings{esmaeilzadeh2012neural,
	title={Neural acceleration for general-purpose approximate programs},
	author={Esmaeilzadeh, Hadi and Sampson, Adrian and Ceze, Luis and Burger, Doug},
	booktitle={Proceedings of the 2012 45th Annual IEEE/ACM International Symposium on Microarchitecture},
	pages={449--460},
	year={2012},
	organization={IEEE Computer Society}
}
@article{kashyap2015big,
	title={Big Data at HPC Wales},
	author={Kashyap, Sidharth N and Fewings, Ade J and Davies, Jay and Morris, Ian and Green, Andrew Thomas Thomas and Guest, Martyn F},
	journal={arXiv preprint arXiv:1506.08907},
	year={2015}
}
@inproceedings{demchenko2014defining,
	title={Defining architecture components of the Big Data Ecosystem},
	author={Demchenko, Yuri and De Laat, Cees and Membrey, Peter},
	booktitle={Collaboration Technologies and Systems (CTS), 2014 International Conference on},
	pages={104--112},
	year={2014},
	organization={IEEE}
}
@incollection{chen2014big,
	title={Big data applications},
	author={Chen, Min and Mao, Shiwen and Zhang, Yin and Leung, Victor CM},
	booktitle={Big Data},
	pages={59--79},
	year={2014},
	publisher={Springer}
}
@inproceedings{wasi2013high,
	title={High-performance rdma-based design of hadoop mapreduce over infiniband},
	author={Wasi-ur-Rahman, Md and Islam, Nusrat Sharmin and Lu, Xiaoyi and Jose, Jithin and Subramoni, Hari and Wang, Hao and Panda, Dhabaleswar K DK},
	booktitle={Parallel and Distributed Processing Symposium Workshops \& PhD Forum (IPDPSW), 2013 IEEE 27th International},
	pages={1908--1917},
	year={2013},
	organization={IEEE}
}
@article{sakr2013processing,
	title={Processing large-scale graph data: A guide to current technology},
	author={Sakr, Sherif},
	journal={IBM Developerworks},
	pages={15},
	year={2013}
}
@article{avery2011giraph,
	title={Giraph: Large-scale graph processing infrastructure on hadoop},
	author={Avery, Ching},
	journal={Proceedings of the Hadoop Summit. Santa Clara},
	year={2011}
}
@article{low2014graphlab,
	title={Graphlab: A new framework for parallel machine learning},
	author={Low, Yucheng and Gonzalez, Joseph E and Kyrola, Aapo and Bickson, Danny and Guestrin, Carlos E and Hellerstein, Joseph},
	journal={arXiv preprint arXiv:1408.2041},
	year={2014}
}
@inproceedings{seo2010hama,
	title={Hama: An efficient matrix computation with the mapreduce framework},
	author={Seo, Sangwon and Yoon, Edward J and Kim, Jaehong and Jin, Seongwook and Kim, Jin-Soo and Maeng, Seungryoul},
	booktitle={Cloud Computing Technology and Science (CloudCom), 2010 IEEE Second International Conference on},
	pages={721--726},
	year={2010},
	organization={IEEE}
}
@inproceedings{malewicz2010pregel,
	title={Pregel: a system for large-scale graph processing},
	author={Malewicz, Grzegorz and Austern, Matthew H and Bik, Aart JC and Dehnert, James C and Horn, Ilan and Leiser, Naty and Czajkowski, Grzegorz},
	booktitle={Proceedings of the 2010 ACM SIGMOD International Conference on Management of data},
	pages={135--146},
	year={2010},
	organization={ACM}
}
@article{aji2013hadoop,
	title={Hadoop GIS: a high performance spatial data warehousing system over mapreduce},
	author={Aji, Ablimit and Wang, Fusheng and Vo, Hoang and Lee, Rubao and Liu, Qiaoling and Zhang, Xiaodong and Saltz, Joel},
	journal={Proceedings of the VLDB Endowment},
	volume={6},
	number={11},
	pages={1009--1020},
	year={2013},
	publisher={VLDB Endowment}
}
@inproceedings{el2006upc,
	title={UPC: unified parallel C},
	author={El-Ghazawi, Tarek and Smith, Lauren},
	booktitle={Proceedings of the 2006 ACM/IEEE conference on Supercomputing},
	pages={27},
	year={2006},
	organization={ACM}
}
@inproceedings{teijeiro2011design,
	title={Design and Implementation of MapReduce using the PGAS Programming Model with UPC},
	author={Teijeiro, Carlos and Taboada, Guillermo L and Tourino, Juan and Doallo, Ram{\'o}n},
	booktitle={Parallel and Distributed Systems (ICPADS), 2011 IEEE 17th International Conference on},
	pages={196--203},
	year={2011},
	organization={IEEE}
}
@article{dewitt1992parallel,
	title={Parallel database systems: the future of high performance database systems},
	author={DeWitt, David and Gray, Jim},
	journal={Communications of the ACM},
	volume={35},
	number={6},
	pages={85--98},
	year={1992},
	publisher={ACM}
}
@inproceedings{dewitt1983database,
	title={Database Machines: An Idea Whose Time has Passed? A Critique of the Future of Database Machines Haran Boral Computer Science Department Technion-Israel Institute of Technology},
	author={DeWitt, David J},
	booktitle={Database Machines: International Workshop, Munich, September 1983},
	pages={166},
	year={1983},
	organization={Springer}
}
@article{zhou2012scope,
	title={SCOPE: parallel databases meet MapReduce},
	author={Zhou, Jingren and Bruno, Nicolas and Wu, Ming-Chuan and Larson, Per-Ake and Chaiken, Ronnie and Shakib, Darren},
	journal={The VLDB Journal—The International Journal on Very Large Data Bases},
	volume={21},
	number={5},
	pages={611--636},
	year={2012},
	publisher={Springer-Verlag New York, Inc.}
}
@article{riha2013adaptive,
	title={An Adaptive Hybrid OLAP Architecture with optimized memory access patterns},
	author={Riha, Lubomir and Malik, Maria and El-Ghazawi, Tarek},
	journal={Cluster computing},
	volume={16},
	number={4},
	pages={663--677},
	year={2013},
	publisher={Springer}
}
@inproceedings{zou2014improving,
	title={Improving I/O performance with adaptive data compression for big data applications},
	author={Zou, Hongbo and Yu, Yongen and Tang, Wei and Chen, Hsuanwei Michelle},
	booktitle={Parallel \& Distributed Processing Symposium Workshops (IPDPSW), 2014 IEEE International},
	pages={1228--1237},
	year={2014},
	organization={IEEE}
}